@INPROCEEDINGS{Ester96,
    author = {Martin Ester and Hans-peter Kriegel and JÃ¶rg S and Xiaowei Xu},
    title = {A density-based algorithm for discovering clusters in large spatial databases with noise},
    booktitle = {},
    year = {1996},
    pages = {226--231},
    publisher = {AAAI Press}
}

@ARTICLE{Lloyd82,
    author = {Stuart P. Lloyd},
    title = {Least squares quantization in pcm},
    journal = {IEEE Transactions on Information Theory},
    year = {1982},
    volume = {28},
    pages = {129--137}
}

@INPROCEEDINGS{Breiman01,
    author = {Leo Breiman and E. Schapire},
    title = {Random forests},
    booktitle = {Machine Learning},
    year = {2001},
    pages = {5--32}
}

@INPROCEEDINGS{Cortes95,
    author = {Corinna Cortes and Vladimir Vapnik},
    title = {Support-Vector Networks},
    booktitle = {Machine Learning},
    year = {1995},
    pages = {273--297}
}

@MISC{Welch95,
    author = {Greg Welch and Gary Bishop},
    title = {An Introduction to the Kalman Filter},
    year = {1995}
}

@misc{sklearn,
    author={Scikits-Learn},
    title={http://scikit-learn.org/stable/index.html},
}
